
    <marc:record>
        <marc:leader>04721ntm a22003617a 4500</marc:leader>
        <marc:controlfield tag="001">u1922082</marc:controlfield>
        <marc:controlfield tag="003">SIRSI</marc:controlfield>
        <marc:controlfield tag="007">cz#bn#nnnaubua</marc:controlfield>
        <marc:controlfield tag="008">010613s2001    -us    #smmm s000 0 eng d</marc:controlfield>
        <marc:datafield tag="035" ind1=" " ind2=" ">
            <marc:subfield code="a">(OCoLC)47122343</marc:subfield>
        </marc:datafield>
        <marc:datafield tag="100" ind1="1" ind2=" ">
            <marc:subfield code="a">Ellis, Jeffrey M.</marc:subfield>
            <marc:subfield code="q">(Jeffrey Mark),</marc:subfield>
            <marc:subfield code="d">1972-</marc:subfield>
            <marc:subfield code="e">author</marc:subfield>
        </marc:datafield>
        <marc:datafield tag="245" ind1="1" ind2="0">
            <marc:subfield code="a">Glyphosate- and glufosinate-resistant technologies :</marc:subfield>
            <marc:subfield code="b">weed management and off-target crop response /</marc:subfield>
            <marc:subfield code="c">by Jeffrey M. Ellis.</marc:subfield>
        </marc:datafield>
        <marc:datafield tag="260" ind1=" " ind2=" ">
            <marc:subfield code="c">2001.</marc:subfield>
        </marc:datafield>
        <marc:datafield tag="300" ind1=" " ind2=" ">
            <marc:subfield code="a">vii, 126 leaves ;</marc:subfield>
            <marc:subfield code="c">29 cm.</marc:subfield>
        </marc:datafield>
        <marc:datafield tag="300" ind1=" " ind2=" ">
            <marc:subfield code="a">127 p.</marc:subfield>
        </marc:datafield>
        <marc:datafield tag="490" ind1="1" ind2=" ">
            <marc:subfield code="a">[Dissertation / Louisiana State University] ;</marc:subfield>
            <marc:subfield code="v">2001</marc:subfield>
        </marc:datafield>
        <marc:datafield tag="500" ind1=" " ind2=" ">
            <marc:subfield code="a">&quot;Source: Dissertation Abstracts International, Volume: 62-06, Section: B, page: 2542.&quot;</marc:subfield>
        </marc:datafield>
        <marc:datafield tag="502" ind1=" " ind2=" ">
            <marc:subfield code="a">Thesis (Ph.D.)--Louisiana State University, Baton Rouge, 2001.</marc:subfield>
        </marc:datafield>
        <marc:datafield tag="506" ind1="0" ind2=" ">
            <marc:subfield code="a">LSU claims physical rights of these materials.  As a general statement, LSU makes no ownership claim to the intellectual property contained within unless the works incorporate or reference other items owned by LSU. The materials in these digital collections are made available for use in research, teaching, and private study, pursuant to U.S. Copyright law. The user must assume full responsibility for any use of the materials, including but not limited to, infringement of copyright and publication rights of reproduced materials. Any materials used for academic research or otherwise should be fully credited with the source.</marc:subfield>
        </marc:datafield>
        <marc:datafield tag="520" ind1="3" ind2=" ">
            <marc:subfield code="a">&quot;Utility of preemergence soil-applied herbicides at full and half label rates were evaluated in glyphosate-resistant soybean. In most instances, differences in early season weed density and height were not noted when rates were reduced. None of the herbicides provided complete weed control, but some delayed weed growth providing an extra 3 to 7 days before the first postemergence glyphosate application was needed. Based on weed control and soybean yield, use of glyphosate alone was as effective as when preemergence herbicides were followed by glyphosate. In another study, barnyardgrass control with glyphosate at 0.84 and 1.12 kg ai/ha was not antagonized when applied with reduced rates of chlorimuron, acifluorfen, fomesafen, lactofen, or CGA-277476. Improved control with the combinations was noted only when pitted morningglory and hemp sesbania were large at application. When weeds were effectively controlled with glyphosate alone, soybean yield was not improved with the herbicide combinations.;Soybean, cotton, rice, and corn response to simulated drift representing 0.125, 0.063, 0.032, 0.016, and 0.008 of the use rates of 1.12 kg ai/ha glyphosate and 0.42 kg ai/ha glufosinate was evaluated using a constant spray volume. Injury and height reductions occurred in most cases only for the two highest rates. Initially, soybean was more sensitive to glyphosate and cotton more sensitive to glufosinate, but both crops rapidly recovered from injury and yields were not affected. In contrast, the highest rate of glyphosate reduced rice yield as much as 99% when applied at 2- to 3-leaf and 54% when applied at panicle differentiation with a 30% reduction for glufosinate. Corn yield was reduced by as much as 78% for glyphosate, but no more than 13% for glufosinate. In subsequent drift studies, corn and soybean were exposed to glyphosate applied in constant carrier volume of 234 L/ha and in proportional carrier volumes to include 29.3 and 14.7 L/ha for the 0.125 and 0.063 respective rates. Corn height reduction 14 days after treatment was 1.6 times greater and visual injury approximately twice as high, and yield reduction 1.6 times greater when glyphosate was applied in proportional spray volume.&quot;</marc:subfield>
        </marc:datafield>
        <marc:datafield tag="700" ind1=" " ind2=" ">
            <marc:subfield code="a"> James L. Griffin.</marc:subfield>
            <marc:subfield code="e">Thesis advisor</marc:subfield>
        </marc:datafield>
        <marc:datafield tag="710" ind1="2" ind2=" ">
            <marc:subfield code="a">Louisiana State University (Baton Rouge, La.).</marc:subfield>
            <marc:subfield code="b">Dept. of Plant Pathology and Crop Physiology.</marc:subfield>
            <marc:subfield code="e">Degree granting institution</marc:subfield>
        </marc:datafield>
        <marc:datafield tag="791" ind1=" " ind2=" ">
            <marc:subfield code="a">Ph.D.</marc:subfield>
        </marc:datafield>
        <marc:datafield tag="792" ind1=" " ind2=" ">
            <marc:subfield code="a">2001</marc:subfield>
        </marc:datafield>
        <marc:datafield tag="793" ind1=" " ind2=" ">
            <marc:subfield code="a">English</marc:subfield>
        </marc:datafield>
        <marc:datafield tag="830" ind1=" " ind2="0">
            <marc:subfield code="a">Dissertation (Louisiana State University (Baton Rouge, La.)) ;</marc:subfield>
            <marc:subfield code="v">2001.</marc:subfield>
        </marc:datafield>
        <marc:datafield tag="856" ind1=" " ind2=" ">
            <marc:subfield code="u">http://gateway.proquest.com/openurl?url_ver=Z39.88-2004&amp;rft_val_fmt=info:ofi/fmt:kev:mtx:dissertation&amp;res_dat=xri:pqm&amp;rft_dat=xri:pqdiss:3016543</marc:subfield>
            <marc:subfield code="q">application/pdf</marc:subfield>
        </marc:datafield>
        <marc:datafield tag="948" ind1=" " ind2=" ">
            <marc:subfield code="a">9/5/2001</marc:subfield>
            <marc:subfield code="c">6/13/2001</marc:subfield>
        </marc:datafield>
        <marc:datafield tag="596" ind1=" " ind2=" ">
            <marc:subfield code="a">1 6 8</marc:subfield>
        </marc:datafield>
        <marc:datafield tag="998" ind1=" " ind2=" ">
            <marc:subfield code="a">AAI3016543</marc:subfield>
        </marc:datafield>
        <marc:datafield tag="999" ind1=" " ind2=" ">
            <marc:subfield code="a">378.76 L930D 2001 ELLI</marc:subfield>
            <marc:subfield code="w">DEWEY</marc:subfield>
            <marc:subfield code="c">1</marc:subfield>
            <marc:subfield code="i">31518087993063</marc:subfield>
            <marc:subfield code="d">8/16/2001</marc:subfield>
            <marc:subfield code="l">STACKS</marc:subfield>
            <marc:subfield code="m">MIDL-MAIN</marc:subfield>
            <marc:subfield code="n">1</marc:subfield>
            <marc:subfield code="r">Y</marc:subfield>
            <marc:subfield code="s">Y</marc:subfield>
            <marc:subfield code="t">BOOK</marc:subfield>
            <marc:subfield code="u">12/7/2001</marc:subfield>
            <marc:subfield code="x">DISS</marc:subfield>
            <marc:subfield code="o">.STAFF.  ship.01-003 due 8/15/01;omh;</marc:subfield>
        </marc:datafield>
        <marc:datafield tag="999" ind1=" " ind2=" ">
            <marc:subfield code="a">MICROFICHE 1900 NO.2001-48</marc:subfield>
            <marc:subfield code="w">ALPHANUM</marc:subfield>
            <marc:subfield code="c">1</marc:subfield>
            <marc:subfield code="i">31518092065501</marc:subfield>
            <marc:subfield code="j">2</marc:subfield>
            <marc:subfield code="l">STACKS</marc:subfield>
            <marc:subfield code="m">DOCS_MICRO</marc:subfield>
            <marc:subfield code="r">Y</marc:subfield>
            <marc:subfield code="s">Y</marc:subfield>
            <marc:subfield code="t">MICROFORM</marc:subfield>
            <marc:subfield code="u">12/7/2001</marc:subfield>
            <marc:subfield code="x">MICROFICHE</marc:subfield>
            <marc:subfield code="o">.STAFF.  esp;</marc:subfield>
        </marc:datafield>
        <marc:datafield tag="999" ind1=" " ind2=" ">
            <marc:subfield code="a">LSU DISSERTATION 2001 ELLIS</marc:subfield>
            <marc:subfield code="w">ASIS</marc:subfield>
            <marc:subfield code="c">1</marc:subfield>
            <marc:subfield code="i">1922082-4001</marc:subfield>
            <marc:subfield code="l">UARCHIVES</marc:subfield>
            <marc:subfield code="m">SPEC_COLL</marc:subfield>
            <marc:subfield code="r">Y</marc:subfield>
            <marc:subfield code="s">Y</marc:subfield>
            <marc:subfield code="t">BOOK</marc:subfield>
            <marc:subfield code="u">6/30/2015</marc:subfield>
            <marc:subfield code="x">DISS</marc:subfield>
            <marc:subfield code="o">.STAFF. Archival Copy. Iron Mountain, LSU Dissertations Box 192 (T824757384)</marc:subfield>
        </marc:datafield>
    </marc:record>