
    <marc:record>
        <marc:leader>04690ccm a22004335a 4500</marc:leader>
        <marc:controlfield tag="001">u1961900</marc:controlfield>
        <marc:controlfield tag="003">SIRSI</marc:controlfield>
        <marc:controlfield tag="007">cz#bn#nnnaubua</marc:controlfield>
        <marc:controlfield tag="008">951102s1994    -us  a #smmm s00    eng d</marc:controlfield>
        <marc:datafield tag="035" ind1=" " ind2=" ">
            <marc:subfield code="a">(OCoLC)33413449</marc:subfield>
        </marc:datafield>
        <marc:datafield tag="040" ind1=" " ind2=" ">
            <marc:subfield code="a">LUU</marc:subfield>
            <marc:subfield code="c">LUU</marc:subfield>
        </marc:datafield>
        <marc:datafield tag="049" ind1=" " ind2=" ">
            <marc:subfield code="a">LUUU</marc:subfield>
        </marc:datafield>
        <marc:datafield tag="092" ind1=" " ind2=" ">
            <marc:subfield code="a">378.76</marc:subfield>
            <marc:subfield code="b">L930d,1994</marc:subfield>
        </marc:datafield>
        <marc:datafield tag="100" ind1="1" ind2=" ">
            <marc:subfield code="a">Benner, George Albert,</marc:subfield>
            <marc:subfield code="d">1955-</marc:subfield>
            <marc:subfield code="e">author</marc:subfield>
        </marc:datafield>
        <marc:datafield tag="245" ind1="1" ind2="0">
            <marc:subfield code="a">Continuous variation in Ellen Taaffe Zwilich's Intrada, and Generations, an original composition for soprano, tenor, and orchestra / by George Albert Benner.</marc:subfield>
        </marc:datafield>
        <marc:datafield tag="260" ind1=" " ind2=" ">
            <marc:subfield code="c">1994.</marc:subfield>
        </marc:datafield>
        <marc:datafield tag="300" ind1=" " ind2=" ">
            <marc:subfield code="a">(viii, 390 leaves) :</marc:subfield>
            <marc:subfield code="b">score ;</marc:subfield>
            <marc:subfield code="c">29 cm.</marc:subfield>
        </marc:datafield>
        <marc:datafield tag="300" ind1=" " ind2=" ">
            <marc:subfield code="a">390 p.</marc:subfield>
        </marc:datafield>
        <marc:datafield tag="490" ind1="1" ind2=" ">
            <marc:subfield code="a">[Dissertation / Louisiana State University] ;</marc:subfield>
            <marc:subfield code="v">1994.</marc:subfield>
        </marc:datafield>
        <marc:datafield tag="500" ind1=" " ind2=" ">
            <marc:subfield code="a">&quot;Source: Dissertation Abstracts International, Volume: 56-03, Section: A, page: 7500.&quot;</marc:subfield>
        </marc:datafield>
        <marc:datafield tag="502" ind1=" " ind2=" ">
            <marc:subfield code="a">Thesis (D.M.A.)--Louisiana State University, Baton Rouge, 1994.</marc:subfield>
        </marc:datafield>
        <marc:datafield tag="506" ind1="0" ind2=" ">
            <marc:subfield code="a">LSU claims physical rights of these materials.  As a general statement, LSU makes no ownership claim to the intellectual property contained within unless the works incorporate or reference other items owned by LSU. The materials in these digital collections are made available for use in research, teaching, and private study, pursuant to U.S. Copyright law. The user must assume full responsibility for any use of the materials, including but not limited to, infringement of copyright and publication rights of reproduced materials. Any materials used for academic research or otherwise should be fully credited with the source.</marc:subfield>
        </marc:datafield>
        <marc:datafield tag="520" ind1="3" ind2=" ">
            <marc:subfield code="a">&quot;This dissertation divides into two parts. The first part illustrates certain traits of Ellen Taaffe Zwilich's neo-Romantic style by analyzing a single piece, Intrada (1983) for five players. The analysis is in three main sections. The first section discusses how Zwilich's background might have influenced her post-1979 writing, particularly her interest in continuous variation through the writings of Schoenberg and her studies with Sessions, and Carter. The second section focuses on Intrada and Zwilich's use of continuous variation. This section also analyzes cyclical elements and considers various older principles of melodic and pitch recurrence while determining the form of this piece. The second section divides into three subsections that discuss the work's basic building blocks, its main divisions, and its overall formal properties. The third section briefly reflects on other striking features of the score, especially Zwilich's characteristic use of instrumentation. This last section ends by summarizing some of the ways these techniques follow the goals of neo-Romanticism.;The second part is an original composition by the author for soprano, tenor, and orchestra entitled Generations. Based on a self-written text, the work is in six movements--Daybreak, Grandfather, Father, Son, Child, and Nightfall--that tells the story of four generations. The account is a loose autobiography of the writer's life. The use of individual motives for the various characters in the work forms the underlying thread that connects each movement to one another. The work has many tonal allusions and places great emphasis on emotional and programmatic themes. The thematic material also draws on various folk and hymn sources. Although not limited to one hymn quotation during each of the character movements, there is the realization of a different hymn tune in its entirety for each of these movements. These hymn quotations also serve as a connecting element.&quot;</marc:subfield>
        </marc:datafield>
        <marc:datafield tag="650" ind1=" " ind2="0">
            <marc:subfield code="a">Variations (Music)</marc:subfield>
            <marc:subfield code="x">Analysis, appreciation.</marc:subfield>
        </marc:datafield>
        <marc:datafield tag="600" ind1="1" ind2="0">
            <marc:subfield code="a">Zwilich, Ellen Taaffe,</marc:subfield>
            <marc:subfield code="d">1939-</marc:subfield>
            <marc:subfield code="t">Intrada.</marc:subfield>
        </marc:datafield>
        <marc:datafield tag="600" ind1="1" ind2="0">
            <marc:subfield code="a">Benner, George Albert,</marc:subfield>
            <marc:subfield code="d">1955-</marc:subfield>
            <marc:subfield code="t">Generations.</marc:subfield>
        </marc:datafield>
        <marc:datafield tag="700" ind1=" " ind2=" ">
            <marc:subfield code="a">Dinos Constantinides.</marc:subfield>
            <marc:subfield code="e">Thesis advisor</marc:subfield>
        </marc:datafield>
        <marc:datafield tag="710" ind1="2" ind2=" ">
            <marc:subfield code="a">Louisiana State University (Baton Rouge, La.).</marc:subfield>
            <marc:subfield code="b">School of Music.</marc:subfield>
            <marc:subfield code="e">Degree granting institution</marc:subfield>
        </marc:datafield>
        <marc:datafield tag="791" ind1=" " ind2=" ">
            <marc:subfield code="a">D.M.A.</marc:subfield>
        </marc:datafield>
        <marc:datafield tag="792" ind1=" " ind2=" ">
            <marc:subfield code="a">1994</marc:subfield>
        </marc:datafield>
        <marc:datafield tag="793" ind1=" " ind2=" ">
            <marc:subfield code="a">English</marc:subfield>
        </marc:datafield>
        <marc:datafield tag="830" ind1=" " ind2="0">
            <marc:subfield code="a">Dissertation (Louisiana State University (Baton Rouge, La.)) ;</marc:subfield>
            <marc:subfield code="v">1994.</marc:subfield>
        </marc:datafield>
        <marc:datafield tag="856" ind1=" " ind2=" ">
            <marc:subfield code="u">http://gateway.proquest.com/openurl?url_ver=Z39.88-2004&amp;rft_val_fmt=info:ofi/fmt:kev:mtx:dissertation&amp;res_dat=xri:pqm&amp;rft_dat=xri:pqdiss:9524433</marc:subfield>
            <marc:subfield code="q">application/pdf</marc:subfield>
        </marc:datafield>
        <marc:datafield tag="948" ind1=" " ind2=" ">
            <marc:subfield code="a">12/16/1999</marc:subfield>
            <marc:subfield code="c">11/2/1995</marc:subfield>
        </marc:datafield>
        <marc:datafield tag="596" ind1=" " ind2=" ">
            <marc:subfield code="a">6 7 8</marc:subfield>
        </marc:datafield>
        <marc:datafield tag="998" ind1=" " ind2=" ">
            <marc:subfield code="a">AAI9524433</marc:subfield>
        </marc:datafield>
        <marc:datafield tag="999" ind1=" " ind2=" ">
            <marc:subfield code="a">378.76 L930D 1994 BENN</marc:subfield>
            <marc:subfield code="w">DEWEY</marc:subfield>
            <marc:subfield code="c">1</marc:subfield>
            <marc:subfield code="i">31518009997986</marc:subfield>
            <marc:subfield code="d">6/11/2012</marc:subfield>
            <marc:subfield code="e">5/18/2012</marc:subfield>
            <marc:subfield code="l">STACKS</marc:subfield>
            <marc:subfield code="m">MUSIC</marc:subfield>
            <marc:subfield code="n">14</marc:subfield>
            <marc:subfield code="r">Y</marc:subfield>
            <marc:subfield code="s">Y</marc:subfield>
            <marc:subfield code="t">BOOK</marc:subfield>
            <marc:subfield code="u">12/10/2001</marc:subfield>
            <marc:subfield code="x">DISS</marc:subfield>
        </marc:datafield>
        <marc:datafield tag="999" ind1=" " ind2=" ">
            <marc:subfield code="a">MICROFICHE 1900 NO.1994-170</marc:subfield>
            <marc:subfield code="w">ALPHANUM</marc:subfield>
            <marc:subfield code="c">1</marc:subfield>
            <marc:subfield code="i">31518097418333</marc:subfield>
            <marc:subfield code="j">5</marc:subfield>
            <marc:subfield code="l">STACKS</marc:subfield>
            <marc:subfield code="m">DOCS_MICRO</marc:subfield>
            <marc:subfield code="r">Y</marc:subfield>
            <marc:subfield code="s">Y</marc:subfield>
            <marc:subfield code="t">MICROFORM</marc:subfield>
            <marc:subfield code="u">12/10/2001</marc:subfield>
            <marc:subfield code="x">DISS</marc:subfield>
        </marc:datafield>
        <marc:datafield tag="999" ind1=" " ind2=" ">
            <marc:subfield code="a">LSU DISSERTATION 1994 BENNER</marc:subfield>
            <marc:subfield code="w">ASIS</marc:subfield>
            <marc:subfield code="c">1</marc:subfield>
            <marc:subfield code="i">1961900-4001</marc:subfield>
            <marc:subfield code="l">UARCHIVES</marc:subfield>
            <marc:subfield code="m">SPEC_COLL</marc:subfield>
            <marc:subfield code="r">Y</marc:subfield>
            <marc:subfield code="s">Y</marc:subfield>
            <marc:subfield code="t">BOOK</marc:subfield>
            <marc:subfield code="u">6/11/2015</marc:subfield>
            <marc:subfield code="x">DISS</marc:subfield>
            <marc:subfield code="o">.STAFF. Archival Copy. Iron Mountain, LSU Dissertations Box 46 (T824755238)</marc:subfield>
        </marc:datafield>
    </marc:record>
</marc:collection>